@misc{visibilitygraph,
    author ="Jan Kára and Attila Pór and David R. Wood",
    title = "On the Chromatic Number of the Visibility Graph of a Set of Points in a Plane",
    year = "2005",
    howpublished = {\url{http://dx.doi.org/10.1007/s00454-005-1177-z}}
}

@misc{infinity,
    author ="Attila Pór and David R. Wood",
    title = "The Big-Line-Big-Clique Conjecture is False for Infinite Point Sets",
    year = "2010",
    howpublished = {\url{https://arxiv.org/abs/1008.2988}}
}

@misc{pentagon,
    author ="Zachary Abel and Brad Ballinger and Prosenjit Bose and Sébastien Collette and Vida Dujmović and Ferran Hurtado and Scott D. Kominers and Stefan Langerman and Attila Pór and David R. Wood",
    title = "Every Large Point Set contains Many Collinear Points or an Empty Pentagon",
    year = "2009",
    howpublished = {\url{https://arxiv.org/abs/0904.0262}}
}

@misc{pentagon2,
    author = "János Barát and Vida Dujmović and Gwenaël Joret and Michael S. Payne and Ludmila Scharf and Daria Schymura and Pavel Valtr and David R. Wood",
    title = "Empty pentagons in point sets with collinearities",
    year = "2012",
    howpublished = {\url{https://arxiv.org/abs/1207.3633}}
}

@misc{blockers,
    author = "Jiří Matoušek",
    title = "Blocking Visibility for Points in General Position",
    year = "2009",
    howpublished = {\url{https://doi.org/10.1007/s00454-009-9185-z}}
}

@misc{visblock,
    author = "Atila Pór and David R. Wood",
    title = "On Visibility and Blockers",
    year = "2009",
    howpublished = {\url{https://arxiv.org/abs/0912.1150}}
}

@misc{block,
    author = "Adrian Dumitrescu and János Pach and Géza Tóth",
    title = "A note on blocking visibility between points",
    year = "2009",
    howpublished = {\url{http://www.cs.uwm.edu/faculty/ad/blocking.pdf}}
}

@misc{planar,
    author = "Vida Dujmovic and David Eppstein and Matthew Suderman and David R. Wood",
    title = "Drawings of Planar Graphs with Few Slopes and Segments",
    year = "2008",
    howpublished = {\url{https://arxiv.org/abs/math/0606450}}
}

@misc{heptagon,
    author = "J. D. Horton",
    title = "Sets with no empty 7-gons",
    year = "1983",
    howpublished = {\url{https://cms.math.ca/10.4153/CMB-1983-077-8}}
}

@misc{visibility,
    author = "J. D. Horton",
    title = "A General Notion of Visibility Graphs",
    year = "2003",
    howpublished = {\url{https://link.springer.com/article/10.1007/s00454-003-2773-4}}
}
@article{Harborth1978,
    author = {Harborth, Heiko},
    journal = {Elemente der Mathematik},
    keywords = {Pentagous in Plane Point Sets},
    pages = {116-118},
    title = {Konvexe Fünfecke in ebenen Punktmengen.},
    url = {http://eudml.org/doc/141217},
    volume = {33},
    year = {1978},
}

@misc{Gerken,
    author ="Tobias Gerken",
    title = "Empty Convex Hexagons in Planar Point Sets",
    year = "2008",
    howpublished = {\url{https://link.springer.com/article/10.1007/s00454-007-9018-x}}
}

@misc{Nicolas,
    author ="Carlos M. Nicolas",
    title = "The Empty Hexagon Theorem",
    year = "2007",
    howpublished = {\url{https://link.springer.com/article/10.1007/s00454-007-1343-6}}
}

@misc{ES,
    author = "Yujia Pan",
    title = "The {E}rdős-{S}zekeres theorem: a geometric application of {R}amsey's theorem",
    year = "2013",
    howpublished = {\url{http://math.uchicago.edu/~may/REU2013/REUPapers/Pan.pdf}}
}

@INPROCEEDINGS{ESbound,
    author = {Geza Toth and Pavel Valtr},
    title = {The Erdös-Szekeres theorem: upper bounds and related results},
    booktitle = {in Combinatorial and Computational Geometry},
    year = {2004},
    pages = {557--568},
    publisher = {Press}
}

@article{Turan,
    author = {Paul Turán},
    year = {1941},
    title = {On an extremal problem in graph theory},
    journal = {Matematikai és Fizikai Lapok},
    pages = {436-452},
    volume = {43}
}
@Article{Burr1974,
author="Burr, Stefan A.
and Gr{\"u}nbaum, Branko
and Sloane, N. J. A.",
title="The orchard problem",
journal="Geometriae Dedicata",
year="1974",
month="Feb",
day="01",
volume="2",
number="4",
pages="397--424",
issn="1572-9168",
doi="10.1007/BF00147569",
url="https://doi.org/10.1007/BF00147569"
}

@article{10.2307/2045427,
 ISSN = {00029939, 10886826},
 URL = {http://www.jstor.org/stable/2045427},
 abstract = {An arrangement of lines is constructed by choosing n diagonals of the regular 2n-gon. This arrangement is proved to form at least n(n - 3)/3 triangular cells.},
 author = {Z. Füredi and I. Palásti},
 journal = {Proceedings of the American Mathematical Society},
 number = {4},
 pages = {561--566},
 publisher = {American Mathematical Society},
 title = {Arrangements of Lines with a Large Number of Triangles},
 volume = {92},
 year = {1984}
}

