@misc{visibilitygraph,
    author ="Jan Kára and Attila Pór and David R. Wood",
    title = "On the Chromatic Number of the Visibility Graph of a Set of Points in a Plane",
    year = "2005",
    howpublished = {\url{http://dx.doi.org/10.1007/s00454-005-1177-z}}
}

@misc{infinity,
    author ="Attila Pór and David R. Wood",
    title = "The Big-Line-Big-Clique Conjecture is False for Infinite Point Sets",
    year = "2010",
    howpublished = {\url{https://arxiv.org/abs/1008.2988}}
}

@misc{pentagon,
    author ="Zachary Abel and Brad Ballinger and Prosenjit Bose and Sébastien Collette and Vida Dujmović and Ferran Hurtado and Scott D. Kominers and Stefan Langerman and Attila Pór and David R. Wood",
    title = "Every Large Point Set contains Many Collinear Points or an Empty Pentagon",
    year = "2009",
    howpublished = {\url{https://arxiv.org/abs/0904.0262}}
}

@misc{blockers,
    author = "Jiří Matoušek",
    title = "Blocking Visibility for Points in General Position",
    year = "2009",
    howpublished = {\url{https://doi.org/10.1007/s00454-009-9185-z}}
}

@misc{visblock,
    author = "Atila Pór and David R. Wood",
    title = "On Visibility and Blockers",
    year = "2009",
    howpublished = {\url{https://arxiv.org/abs/0912.1150}}
}

@misc{block,
    author = "Adrian Dumitrescu and János Pach and Géza Tóth",
    title = "A note on blocking visibility between points",
    year = "2009",
    howpublished = {\url{http://www.cs.uwm.edu/faculty/ad/blocking.pdf}}
}

@misc{planar,
    author = "Vida Dujmovic and David Eppstein and Matthew Suderman and David R. Wood",
    title = "Drawings of Planar Graphs with Few Slopes and Segments",
    year = "2008",
    howpublished = {\url{https://arxiv.org/abs/math/0606450}}
}

@misc{heptagon,
    author = "J. D. Horton",
    title = "Sets with no empty 7-gons",
    year = "1983",
    howpublished = {\url{https://cms.math.ca/10.4153/CMB-1983-077-8}}
}

@misc{visibility,
    author = "J. D. Horton",
    title = "A General Notion of Visibility Graphs",
    year = "2003",
    howpublished = {\url{https://link.springer.com/article/10.1007/s00454-003-2773-4}}
}
